% bibliography file for norms_fpsac

@article{arr,
	AUTHOR={Armstrong, Drew and Reiner, Victor and Rhoades, Brendon},
	TITLE={Parking Spaces},
	JOURNAL={Adv. Math.}, 
	VOLUME={269},
	YEAR={2015},
	PAGES={647--706}
	}

@article{br,
	AUTHOR={Bessis, David and Reiner, Victor},
	TITLE={Cyclic Sieving of Noncrossing Partitions for Complex Reflection Groups},
	JOURNAL={Ann. Comb.},
	VOLUME={15},
	YEAR={2011},
	PAGES={197--222}
	}

@article{bm,
	AUTHOR={Borho, Walter and MacPherson, Robert},
	TITLE={Partial Resolutions of Nilpotent Varieties},
	JOURNAL={Ast√©risque},
	VOLUME={101--102},
	YEAR={1983},
	PAGES={23--74}
	}

@book{carter,
	AUTHOR={Carter, Roger W.},
	TITLE={Finite Groups of Lie Type: Conjugacy Classes and Complex Characters},
	PUBLISHER={John Wiley \& Sons},
	YEAR={1993},
	ADDRESS={Chichester, West Sussex, England}
	}
	
@article{deodhar,
	AUTHOR={Deodhar, Vinay V.},
	TITLE={On Some Geometric Aspects of Bruhat Orderings. I. A Finer Decompostion of Bruhat Cells},
	JOURNAL={Invent. math.},
	VOLUME={79},
	YEAR={1985},
	PAGES={499--511}
	}
	
@article{homfly,
	AUTHOR={Freyd, Peter and Yetter, David and Hoste, Jim and Lickorish, W. B. R. and Millett, Kenneth and Ocneanu, Adrian},
	TITLE={A New Polynomial Invariant of Knots and Links},
	JOURNAL={Bull. Amer. Math. Soc.},
	VOLUME={12},
	NUMBER={2},
	YEAR={1985},
	PAGES={239--246}
	}
	
@article{gl,
	AUTHOR={Galashin, Pavel and Lam, Thomas},
	TITLE={Positroids, Knots, and $q, t$-Catalan Numbers},
	JOURNAL={Duke Math. J.},
	VOLUME={173},
	NUMBER={11},
	YEAR={2024},
	PAGES={2117--2195}
	}

@article{gltw,
	AUTHOR={Galashin, Pavel and Lam, Thomas and Trinh, Minh-T\^{a}m Quang and Williams, Nathan},
	TITLE={Rational Noncrossing Coxeter--Catalan Combinatorics},
	JOURNAL={Proc. Lond. Math. Soc.},
	VOLUME={129},
	NUMBER={4},
	PAGES={50 pp.},
	YEAR={2024},
	note={e12643}
	}
	
@article{io,
	AUTHOR={Isaev, Alexey P. and Ogievetsky, Oleg V.},
	TITLE={On Representations of Hecke Algebras},
	JOURNAL={Czechoslovak Journal of Physics},
	VOLUME={55},
	NUMBER={11},
	YEAR={2005},
	PAGES={1433--1441}
	}

@article{jones-l,
	AUTHOR={Jones, Lenny K.},
	TITLE={Centers of Generic Hecke Algebras},
	JOURNAL={Trans. Amer. Math. Soc.},
	VOLUME={317},
	NUMBER={1},
	month={Jan.},
	YEAR={1990},
	PAGES={361--392}
	}
	
@article{jones-v,
	AUTHOR={Jones, Vaughan F. R.},
	TITLE={Hecke Algebra Representations of Braid Groups and Link Polynomials},
	JOURNAL={Ann. of Math. (2)},
	VOLUME={126},
	NUMBER={2},
	month={Sep.},
	YEAR={1987},
	PAGES={335--388}
	}

@article{rss,
	AUTHOR={Reiner, Victor and Shepler, Anne V. and Sommers, Eric},
	TITLE={Invariant Theory for Coincidental Complex Reflection Groups},
	JOURNAL={Math. Z.},
	VOLUME={298},
	NUMBER={1--2},
	YEAR={2021},
	PAGES={787--820}
	}
	
@article{stz,
	AUTHOR={Shende, Vivek and Treumann, David and Zaslow, Eric},
	TITLE={Legendrian Knots and Constructible Sheaves},
	JOURNAL={Invent. math.},
	VOLUME={207},
	YEAR={2017},
	PAGES={1031--1133}
	}

@misc{trinh_21,
	AUTHOR={Trinh, Minh-T\^{a}m Quang},
	EPRINT={2106.07444},
	EPRINTTYPE={arxiv},
	TITLE={From the Hecke Category to the Unipotent Locus},
	YEAR={2021}
	}
	
@article{ww,
	AUTHOR={Wan, Jinkui and Wang, Weiqiang},
	TITLE={Frobenius Map for the Centers of Hecke Algebras},
	JOURNAL={Trans. Amer. Math. Soc.},
	VOLUME={367},
	NUMBER={8},
	YEAR={2015},
	PAGES={5507--5520}
	}
